<record><leader>00000cas a22000007a 4500</leader><controlfield tag="001">11743366</controlfield><controlfield tag="008">850227d18171818njuwr ne      0    0eng d</controlfield><datafield ind1=" " ind2=" " tag="010"><subfield code="a">sn 85025458 </subfield></datafield><datafield ind1=" " ind2=" " tag="040"><subfield code="a">NPX</subfield><subfield code="b">eng</subfield><subfield code="c">NPX</subfield><subfield code="d">NPA</subfield><subfield code="d">NJW</subfield><subfield code="d">OCLCQ</subfield></datafield><datafield ind1=" " ind2=" " tag="042"><subfield code="a">msc</subfield></datafield><datafield ind1="0" ind2="4" tag="245"><subfield code="a">The Newark messenger.</subfield></datafield><datafield ind1=" " ind2=" " tag="260"><subfield code="a">Newark, N.J. :</subfield><subfield code="b">Ward &amp; Conover,</subfield><subfield code="c">1817-</subfield></datafield><datafield ind1=" " ind2=" " tag="300"><subfield code="a">v.</subfield></datafield><datafield ind1=" " ind2=" " tag="310"><subfield code="a">Weekly</subfield></datafield><datafield ind1="0" ind2=" " tag="362"><subfield code="a">Vol. 1, no. 1 (Oct. 10, 1817)-</subfield></datafield><datafield ind1="1" ind2=" " tag="362"><subfield code="a">Ceased in 1818.</subfield><subfield code="z">Cf. Brigham, C.S. Amer. newspapers.</subfield></datafield><datafield ind1=" " ind2=" " tag="500"><subfield code="a">Publishers: Ward &amp; Conover, 1817-1818; William Ward, 1818; V.R. Paine, 1818.</subfield></datafield><datafield ind1=" " ind2=" " tag="500"><subfield code="a">Printer: Peter Conover, 1817-1818.</subfield></datafield><datafield ind1=" " ind2=" " tag="500"><subfield code="a">Editor: William Ward, 1817-1818.</subfield></datafield><datafield ind1=" " ind2=" " tag="500"><subfield code="a">References: Shaw &amp; Shoemaker 41657; Brigham, C.S. Amer. newspapers, p. 511.</subfield></datafield><datafield ind1="1" ind2=" " tag="700"><subfield code="a">Ward, William.</subfield></datafield><datafield ind1="1" ind2=" " tag="700"><subfield code="a">Conover, Peter.</subfield></datafield><datafield ind1="1" ind2=" " tag="700"><subfield code="a">Paine, V. R.</subfield></datafield><datafield ind1=" " ind2=" " tag="752"><subfield code="a">United States</subfield><subfield code="b">New Jersey</subfield><subfield code="c">Essex</subfield><subfield code="d">Newark.</subfield></datafield><datafield ind1="0" ind2="0" tag="785"><subfield code="t">Newark patriot and New-Jersey general advertiser</subfield><subfield code="w">(DLC)sn 88071337</subfield></datafield><datafield ind1="1" ind2=" " tag="029"><subfield code="a">AU@</subfield><subfield code="b">000025820307</subfield></datafield></record>